% This file was created with Citavi 6.7.0.0

@book{Analytische.Chemie.I.Ritgen.2019,
 author = {Ritgen, Ulf},
 title = {Analytische Chemie I},
 edition = {1st ed. 2019},
 publisher = {{Springer Berlin Heidelberg} and {Imprint: Springer Spektrum}},
 isbn = {9783662604953},
 location = {Berlin and Heidelberg},
 abstract = {},
 pagetotal = {307)},
 doi = {10.1007/978-3-662-60495-3},
 file = {http://media.obvsg.at/AC15613379-1001},
 year = {2019}
}


@book{Einstieg.in.die.Physikalische.Chemie.fuer.Nebenfaechler.Bechmann.2016,
 author = {Bechmann, Wolfgang and Bald, Ilko},
 title = {Einstieg in die Physikalische Chemie für Nebenfächler},
 edition = {5. Auflage},
 publisher = {{Springer Spektrum}},
 isbn = {9783662495063},
 language = {ger},
 location = {Berlin and Heidelberg},
 series = {Studienbücher Chemie},
 abstract = {Klappentext: Mit einer ausgewogenen Stoffauswahl wird der Leser an das Studium der Physikalischen Chemie herangeführt. Das Verständnis der Theorie wird durch zahlreiche Übungsaufgaben und die Angabe ihrer Lösungswege erleichtert. Das vorliegende Buch gibt dem Studenten darüber hinaus Anregungen für ausgewählte Experimente zu den behandelten Teilgebieten. In der Durchführung und Auswertung der Experimente kann der Student erneut überprüfen, wie gut es ihm gelungen ist, ein Grundverständnis für physikalisch-chemische Zusammenhänge zu entwickeln. Das Buch wurde vollständig aktualisiert und, wo nötig, erweitert. In der fünften Auflage wurde z.B. das Kapitel über heterogene Gleichgewichte in das Kapitel zur chemischen Thermodynamik integriert. Zusätzlich wurden zahlreiche weitere Beispiele, vor allem aus dem Bereich der Physikalischen Biochemie, aufgenommen. Der Inhalt Chemische Thermodynamik - Reaktionskinetik - Elektrochemie - Lösungen zu den Übungsaufgaben Die Zielgruppe Studierende der Fachgebiete Biochemie, Biologie, Ernährungswissenschaft, Geoökologie, Geologie/Mineralogie, Lehramt Chemie Die Autoren Prof. Dr. Wolfgang Bechmann, Universität Potsdam Prof. Dr. Ilko Bald, Universität Potsdam {\&} Bundesanstalt für Materialforschung und -prüfung (BAM)},
 pagetotal = {333},
 doi = {10.1007/978-3-662-49506-3},
 note = {Bechmann, Wolfgang (VerfasserIn)
Bald, Ilko (VerfasserIn)},
 file = {https://external.dandelon.com/download/attachments/dandelon/ids/DE0016BE5F564D4467E28C1258018003792BD.pdf},
 year = {2016}
}


@book{Instrumentelle.Analytik.und.Bioanalytik.Gey.2015,
 author = {Gey, Manfred},
 title = {Instrumentelle Analytik und Bioanalytik},
 edition = {3. Aufl.},
 publisher = {{Springer Spektrum}},
 isbn = {9783662462553},
 subtitle = {Biosubstanzen, Trennmethoden, Strukturanalytik, Applikationen},
 language = {ger},
 location = {Berlin},
 series = {Lehrbuch},
 abstract = {Die dritte Auflage des erfolgreichen Lehrbuchs beinhaltet neue Kapitel zur Bestimmung von biologischen Substanzen. Im Focus stehen jetzt auch Methoden aus der Pharmaka- und Drogenanalytik. Die Flüssigchromatographie von Aminosäuren wird durch Verfahren der pre column und post column derivatisation vertieft. Das Beispiel Dioxin-Nachweise im Spurenbereich zeigt die Notwendigkeit der Kopplung von hochauflösenden Trenntechniken mit hochauflösenden Massenspektrometern. Allein die Konzentrationen sind nicht ausreichend, um Dioxingehalte zu bewerten; hier sind auch die stark variierenden Toxizitäten der Kongenere heranzuziehen. Analytik erfordert somit zunehmend interdisziplinäre Kenntnisse. Dies zeigt auch das neue Kapitel Lactoseintoleranz, das neben einer selektiven Zuckeranalytik auch biomedizinisches Wissen erfordert. Erweitert wurde auch das Kapitel zur Präanalytik, das jetzt aktuelle Mikroextraktionstechniken beinhaltet. Hinzu kommen neue Entwicklungen auf dem Gebiet der Chromatographie wie Ultra fast liquid chromatography (UHPLC) mit Trennzeiten im Sekundenbereich. Auch Core-Shell-Materialien und HILIC (hydrophilic interaction liquid chromatography) stellen erfolgreiche Entwicklungen in der Flüssigchromatographie dar. Das Konzept des Fachbuchs, wichtige methodische Grundlagen leicht verständlich und in Gestalt von „komprimierten{\textquotedbl} Abbildungen darzustellen, wurde konsequent weiterentwickelt. Der Autor Manfred H. Gey ist Professor für Analytik an der Hochschule Zittau/Görlitz. Seine Spezialgebiete sind die Chromatographie, Elektrophorese und Kopplungstechniken, die er v.a. in der Lehre und in speziellen Praktika vertritt. Nach dem Chemie-Studium (Universität Leipzig) arbeitete er am Institut für Biotechnologie Leipzig und an den Universitäten in Mainz und Halle-Wittenberg. Prof. Gey engagiert sich heute u.a. für eine fundierte Entwicklung der Studenten durch Organisation von wissenschaftlichen Kolloquien, die er in einem historischen Bauernhaus - der „Zittauer Mäuseburg{\textquotedbl} - durchführt},
 pagetotal = {533},
 doi = {10.1007/978-3-662-46255-3},
 note = {Gey, Manfred (author.)},
 file = {https://external.dandelon.com/download/attachments/dandelon/ids/DE0024B09EA67DEAF240EC1257E9E003AA3EE.pdf},
 year = {2015}
}


@book{Prinzipien.und.Anwendungen.der.Physikalischen.Chemie.Schrader.2016,
 author = {Schrader, Michael},
 title = {Prinzipien und Anwendungen der Physikalischen Chemie},
 edition = {1. Aufl. 2016},
 publisher = {{Springer Spektrum}},
 isbn = {9783642417306},
 language = {ger},
 location = {Berlin and Heidelberg},
 abstract = {Hinweise zur Benutzung -- Einführung in die Arbeits- und Denkweise -- Basis der Thermodynamik -- Anwendungen der chemischen Thermodynamik -- Chemische Reaktionskinetik -- Biochemische Kinetiken -- Physikalisch-chemische Praktika und Messungen -- Anhänge



Das Buch ist als eine kompakte Einführung in die Physikalische Chemie für Nicht-Chemiker in Bachelor-Studiengängen geschrieben worden. Dies können vor allem angehende Biotechnologen, aber auch Chemieingenieure, Bioinformatiker oder andere Biowissenschaftler bzw. -ingenieure sein. Zudem sollte es auch für Chemiker als Einstiegslektüre gut zu nutzen sein. Die wichtigsten Grundlagen und die dazu nötige Mathematik werden dargestellt, inklusive einiger für das Verständnis wichtiger Herleitungen. Darüber hinaus kommen im Text und in eigenen Kapiteln viele Beispiele und Anwendungen in den Hauptfokus. Es wird gezeigt, wie die Physikalische Chemie zum Verständnis beiträgt und praktische Lösungen liefert. Dazu wird auch ein wenig der historische Bezug gebildet; im Vordergrund steht aber die notwendige Basis, um dieses vielfältige und anspruchsvolle Fach erfolgreich zu verstehen, insbesondere in den Biowissenschaften und der Chemie. Ein Kapitel beschäftigt sich mit Informationen zu physikalisch-chemischen Praktika, die oft an solche Lehrveranstaltungen gekoppelt sind. Abgerundet wird das Buch durch Verständnisfragen, Übungen und Dateien, die Formeln, Tabellen und Abbildungen zum Leben erwecken. Der Autor Michael Schrader ist seit über 10 Jahren Professor für Physikalische Chemie und Instrumentelle Analytik an der Hochschule Weihenstephan-Triesdorf. Davor war er 10 Jahre in der Biotechnologie tätig und hat an der Universität Hannover in Physikalischer Chemie promoviert},
 pagetotal = {327},
 doi = {10.1007/978-3-642-41730-6},
 note = {Schrader, Michael (VerfasserIn)},
 year = {2016}
}


